%% MONOGRAFIE

@book{book-white,
    author      = {White, Alexander},
    title       = {Advertising Design and Typography},
    year        = {2007},
    month       = {január},
    pages       = {228},
    isbn        = {158115-465-8},
    edition     = {1},
    publisher   = {Allworth Press},
    note        = {[cit. 16.4.2021]. Dostupné z: \url{https://www.researchgate.net/publication/262933681_Advertising_Design_and_Typography}},
}


@book{book-bringhurst,
    author      = {Bringhurst, Robert},
    title       = {The Elements of Typographic Style},
    year        = {1996},
    pages       = {350},
    isbn        = {0-88179-133-4},
    edition     = {2},
    publisher   = {Hartley and Marks},
    note        = {[cit. 16.4.2021]. Dostupné z: \url{https://readings.design/PDF/the_elements_of_typographic_style.pdf}},
}

%% ELEKTRONICKE DOKUMENTY

@misc{el-erasmus,
    author      = {Erasmus, Paul},
    title       = {\emph{The Psychology of Typography in Content Marketing}},
    note        = {Posledná zmena 8.3.2020. [cit. 16.4.2021]. Dostupné z:
    \url{https://www.mo.agency/blog/the-importance-of-typography-in-content-marketing}},
}


@misc{el-andel,
    author      = {Andel, Lukáš},
    title       = {\emph{Typografia ako súčasť úspešného online riešenia}},
    note        = {Posledná zmena 28.7.2020. [cit. 16.4.2021]. Dostupné z: 
    \url{https://www.ecommercebridge.sk/typografia-ako-sucast-uspesneho-online-riesenia/}},
}


@misc{el-holmstrom,
    author      = {Holmstrom, Kara},
    title       = {The Importance Of Typography In Advertising. \emph{Typography on the Web}},
    note        = {Posledná zmena 16.1.2021. [cit. 16.4.2021]. Dostupné z: 
    \url{https://www.digglescreative.com/blog/importance-of-typography-in-advertising.html}},
}

%% SERIALOVA PUBLIKACIA

@article{mag-eye,
    author      = {Hanks, Robert},
    title       = {Iron curtain Vegas [online]},
    journal     = {Eye Magazine},
    year        = {2012},
    address     = {Londýn},
    issn        = {0960-779X},
    volume      = {82},
    note        = {[cit. 16.4.2021]. Dostupné z: \url{http://www.eyemagazine.com/review/article/iron-curtain-vegas}},
}

%% CLANKY V SERIALOVEJ PUBLIKACII

@inproceedings{serial-legge-bigelow,
    author      = {Gordon E. Legge and Charles A. Bigelow},
    title       = {Does print size matter for reading? A review of findings from vision science and typography  [online]},
    year        = {2011},
    volume      = {11},
    issue       = {5},
    pages       = {1--22},
    booktitle   = {Journal of Vision },
    publisher   = {Arvo Journals},
    issn        = {1534-7362},
    doi         = {10.1167/11.5.8},
    note        = {[cit. 16.4.2021]. Dostupné z: \url{https://jov.arvojournals.org/article.aspx?articleid=2191906}},
}

@inproceedings{serial-cleave-etal,
    author      = {Arnold Wilkins and Roanna Cleave and Nicola Grayson and Louise Wilson},
    title       = {Typography for children may be inappropriately designed [online]},
    year        = {2009},
    pages       = {402--412},
    volume      = {32},
    issue       = {4},
    booktitle   = {Journal of Research in Reading},
    publisher   = {Blackwell Publishing},
    organization= {United Kingdom Literacy Association},
    issn        = {0141-0423},
    doi         = {10.1111/j.1467-9817.2009.01402.x},
    note        = {[cit. 16.4.2021]. Dostupné z: \url{https://www1.essex.ac.uk/psychology/overlays/2009-185.pdf}},
}

% KVALIFIKACNE PRACE
@mastersthesis{thesis-donev,
    author      = {Aleksandar Donev},
    title       = {Typography in Advertising \emph{[online]}},
    type        = {Doktorská práce},
    year        = {2015},
    school      = {Tomas Bata University. Faculty of Multimedia Communications},
    address     = {Zlín},
    note        = {[cit. 16.4.2021]. Dostupné z: \url{https://digilib.k.utb.cz/handle/10563/36843}},
}


@mastersthesis{thesis-ganon,
    author      = {Carolina Coimbra Ganon},
    title       = {Cultural investigation on typography in branding in the United States and in Brazil \emph{[online]}},
    type        = {Bakalářská práce},
    year        = {2018},
    school      = {University of Louisville. College of Arts and Sciences},
    address     = {Louisville, Kentucky},
    note        = {[cit. 16.4.2021]. Dostupné z: \url{https://ir.library.louisville.edu/cgi/viewcontent.cgi?article=1235&context=honors}},
}